<?xml version="1.0" encoding="UTF-8"?><collection xmlns="http://www.loc.gov/MARC21/slim"><record><leader>00349nam--2200121-i-4500</leader><controlfield tag="001">000047907</controlfield><controlfield tag="002">20161230</controlfield><controlfield tag="005">20161230201046</controlfield><controlfield tag="008">060222s1000------------r-----000-0-eng-d</controlfield><datafield ind1=" " ind2=" " tag="100"><subfield code="a">Wyckoff, Ralph W.G</subfield></datafield><datafield ind1=" " ind2=" " tag="245"><subfield code="a">Crystal structures. second edition. vol.2. inorganic compounds rxnrnmx2rnmx3</subfield></datafield><datafield ind1=" " ind2=" " tag="260"><subfield code="a">New York, Interscience Publ. 1963</subfield></datafield><datafield ind1=" " ind2=" " tag="852"><subfield code="a">37880</subfield></datafield></record></collection>